2018 3638
184 263 272 313 IV

183 399 531 481 thesauri,
626 413 693 464 et
748 398 1085 488 propria,
1162 418 1316 500 quae
1383 394 1836 473 habueram,

185 538 463 606 cimelia
485 588 502 618 .‚
564 550 663 616 et,
693 558 847 626 quae
882 534 1025 625 jam
1055 549 1219 599 tunc
1245 556 1837 623 praeparaveram,

181 675 664 766 manuscripta
705 727 722 756 ‚
859 673 1370 740 delineationes
1446 723 1468 752 ‚
1580 670 1837 737 tabula}

184 837 446 891 aeneae,
504 809 743 875 onmia
798 808 953 876 haec
1011 808 1234 898 (proh
1289 807 1669 874 infandum
1707 807 1840 872 do*

183 947 443 1038 lorem)
512 944 757 1037 paucis
815 943 1009 1012 horis
1060 944 1208 1037 igni
1269 944 1596 1010 absumta
1650 956 1835 1007 sunt.

275 1117 525 1186 Restat
616 1118 911 1185 unicum
983 1117 1355 1198 solatium,
1421 1117 1616 1209 quod
1678 1117 1846 1184 dixit

183 1270 369 1329 vates
419 1253 831 1322 Romanus:
920 1255 1019 1323 Et
1070 1257 1247 1323 mihi
1301 1281 1463 1341 νας,
1526 1281 1669 1324 non
1729 1282 1843 1324 me

181 1396 391 1461 rebus
424 1395 852 1488 subjungere
896 1418 1116 1460 conor
1181 1392 1293 1485 (*).
1351 1392 1504 1459 Nec
1550 1408 1787 1460 tamen
1820 1446 1841 1472 ,

182 1529 293 1601 vel
339 1526 447 1595 his
500 1526 675 1619 ipsis
738 1544 1150 1619 temporum
1184 1553 1264 1595 ac
1300 1529 1671 1621 copiarum
1713 1555 1841 1595 an-

182 1662 429 1758 gustiis
461 1717 478 1747 ‚
527 1663 733 1745 liber„
775 1687 992 1755 quem
1025 1688 1245 1732 manu
1275 1662 1527 1731 tenetis
1557 1712 1580 1743 ,
1627 1662 1840 1757 plane

182 1807 253 1875 in
264 1806 448 1874 utilis
500 1803 698 1877 vobis
753 1801 903 1872 erit.

277 1984 447 2051 Tria
477 1983 693 2077 igitur
718 1981 1175 2073 potissimum
1203 1981 1493 2048 fuerunt
1510 2031 1532 2061 ‚
1571 1982 1663 2049 ad
1681 2007 1842 2073 quae

186 2115 506 2184 animum
547 2138 795 2179 meum
841 2113 915 2178 in
945 2137 1163 2204 opere
1195 2113 1329 2180 hoc
1364 2113 1646 2181 edendo
1686 2138 1853 2179 con-

187 2251 399 2324 verti:
442 2248 756 2342 primum
814 2247 978 2330 fuit,
1019 2264 1097 2315 ut
1153 2250 1245 2317 ad
1297 2250 1618 2335 Tabulas
1643 2274 1842 2317 meas

190 2386 602 2477 synopticas
651 2380 929 2448 facilius
991 2381 1490 2475 intelligendas
1550 2381 1846 2450 scientia

188 2516 591 2587 necessaria
645 2539 763 2586 vos
814 2515 1260 2606 imbuerem3
1318 2519 1743 2599 secundum,
1774 2533 1849 2586 ut

191 2657 287 2723 ita
354 2678 473 2725 vos
542 2644 969 2720 instruerem
1046 2670 1115 2720 et
1168 2670 1706 2746 compararem‘,
1774 2670 1852 2722 ut

190 2788 328 2881 ipsi
408 2786 673 2857 viribus
756 2787 1068 2879 propriis
1160 2789 1249 2856 de
1324 2790 1459 2856 hoc
1532 2791 1640 2861 vel
1720 2790 1848 2857 illo

193 2938 607 3016 argumento
678 2919 993 3012 judicare
1073 2926 1438 3017 posseti55
1513 2926 1850 3008 tertium,

259 3118 331 3187 ζ’)
366 3120 621 3169 ΗΟΒΛΤῙΙ
661 3120 846 3187 Epistt.
889 3118 981 3170 lib.
1022 3123 1067 3170 Ι.
1108 3123 1258 3188 epist.
1304 3142 1322 3173 1
1350 3160 1367 3190 ‚
1435 3140 1511 3189 19.
