2018 3638
609 243 658 302 S
642 255 899 325 ystema
945 244 1246 306 Fischeri.
1648 247 1770 322 463·

256 430 263 433 .
323 388 470 439 serie
524 390 795 439 continua
840 390 1260 459 repraesentari
1305 391 1521 463 nequit.
1562 388 1771 446 Circu-

321 480 392 533 lis
450 500 510 533 se
560 501 619 532 se
655 480 1097 534 decussantibus
1124 521 1140 551 ‚
1173 482 1534 552 adjutoribus
1570 483 1768 545 radiis,

330 573 403 624 ad.
459 588 780 625 structurae
833 573 1154 643 analogiam
1190 576 1298 627 etsi
1323 576 1768 627 remotissimam

325 667 736 735 indicandam,
789 688 879 720 res
943 669 1121 722 multo
1178 668 1428 722 feliciori
1487 689 1769 722 successu

326 761 470 814 effici
537 776 771 835 'potest.
856 762 1222 830 Organisatio
1310 761 1774 835 perfectistima,

325 855 782 926 comple-tissima
891 857 949 906 in
1027 869 1227 907 centro
1320 853 1768 926 praedominat‚

324 948 486 1001 lzomo
523 951 748 1001 scilicet
773 988 788 1018 7
843 949 1045 1001 circuli
1094 968 1246 1002 nunc
1281 964 1641 1000 recurrentes
1675 951 1769 1000 in·-

324 1046 557 1098 volvunt
608 1045 838 1096 ordines
885 1045 969 1095 illi
1012 1045 1326 1117 proximos.
1375 1043 1544 1095 Radii
1599 1043 1768 1096 deni-

326 1159 437 1212 que
516 1139 685 1206 hujus
771 1141 950 1192 centri
1026 1139 1442 1211 prolongantur
1503 1140 1560 1189 in
1619 1140 1763 1191 alios

327 1236 577 1288 circulos
609 1276 624 1300 ‚
698 1236 769 1307 ad
841 1251 1185 1288 structuram
1234 1235 1322 1287 vel
1376 1234 1623 1306 pedibus
1676 1235 1768 1287 vel

325 1330 450 1381 aiiis
509 1314 764 1402 pai-tibiis
821 1331 1301 1396 convenientem,
1383 1327 1812 1383 referendams

320 1422 621 1491 Ejusmodi
675 1442 806 1475 vero
853 1422 1190 1474 methodum
1254 1424 1481 1491 ingenio
1530 1424 1766 1495 quidem

326 1515 693 1585 satisfacere,
754 1536 940 1589 neque
983 1535 1116 1569 vero
1151 1516 1450 1568 doctrinae
1490 1518 1797 1589 inservire¹

321 1631 531 1684 posse,
582 1611 753 1663 facile
796 1627 958 1683 patet
1015 1631 1082 1664 ex
1124 1631 1232 1678 eo,
1278 1612 1437 1684 quod
1488 1613 1612 1664 sola
1664 1613 1768 1665 de·-

322 1705 675 1772 lineatione,
746 1724 852 1758 nec
902 1707 1300 1778 impressionis
1350 1706 1475 1773 lege
1514 1708 1768 1774 ejusmo-

324 1799 380 1850 di
435 1802 830 1851 contenti-atio
880 1800 1209 1871 systematis
1255 1798 1509 1851 exhiberi
1556 1803 1762 1872 possit.

323 1890 604 1945 Tabizlam
672 1892 839 1960 hujus
918 1913 1278 1945 exaraveram
1357 1910 1414 1945 et
1480 1880 1605 1946 vaeri
1670 1897 1764 1947 in-

327 1986 700 2058 sculpseram,
738 1988 836 2039 sed
865 2003 920 2040 et
949 1988 1119 2053 hanc,
1152 2007 1282 2040 cum
1325 1988 1471 2057 aliis,
1490 1989 1758 2044 incendio

322 2085 602 2136 acerrimo
634 2083 892 2156 Mosquae
926 2084 1120 2139 oblato
1150 2123 1168 2156 ‚
1211 2083 1456 2158 perdidi.
