2018 3638
927 227 953 318 (
1011 229 1094 314 14
1140 228 1161 320 )

213 358 507 421 animalia
540 369 601 416 et
624 356 887 439 piamec,
926 371 1235 442 tanquam
1258 353 1509 418 articuli
1543 367 1878 418 nectentes

214 459 611 522 considerari
672 460 957 538 debent,
1041 475 1105 520 et
1161 460 1225 520 in
1282 480 1411 543 quo
1473 458 1706 519 limites
1763 482 1882 519 na-

212 577 373 623 tuxae
422 562 784 621 conformes
819 562 925 621 vix
992 579 1142 625 suut
1199 562 1527 624 indicandi
1556 555 1880 643 ,oxgasno-

211 688 357 725 rum
402 678 614 723 antem
683 666 1076 727 modificatio
1149 688 1403 749 sempei
1456 689 1531 728 ea
1580 680 1884 750 tantum,

217 788 360 851 quae
392 781 487 828 est
520 767 868 850 simplicior
897 814 911 849 7
959 769 1401 830 examinanda.

992 913 1088 973 13.

327 1060 616 1140 Regnum
690 1058 1062 1140 organicum
1109 1106 1124 1137 ‚
1187 1057 1618 1140 generationis
1670 1057 1810 1142 lege
1864 1107 1886 1142 ‚

217 1179 397 1223 arcto
427 1163 686 1224 vinculo
742 1160 1077 1242 junctum,
1129 1160 1194 1219 in
1243 1175 1368 1220 tres
1421 1177 1634 1243 partes
1668 1162 1887 1225 dirimi

215 1281 480 1349 potest,
525 1267 757 1347 quibus
824 1265 1121 1324 omnibus
1171 1278 1402 1322 natura
1439 1264 1565 1322 vim
1623 1265 1887 1347 aequili-

212 1370 428 1430 brium
463 1367 862 1440 sustinendi,
914 1389 961 1427 s.
995 1365 1502 1428 conservationis
1537 1381 1602 1426 et
1630 1366 1891 1429 destru-

220 1472 493 1550 ctionis,
547 1469 851 1530 indidisse
894 1470 1169 1530 videtur.

345 1591 590 1650 Plantae
618 1591 954 1651 materiem
998 1589 1255 1648 brutam
1289 1612 1365 1647 ex
1405 1590 1543 1648 solo
1572 1588 1836 1648 trahunt
1868 1637 1886 1670 ,

469 1712 742 1772 eamque
795 1703 1048 1748 mutant
1089 1704 1152 1749 et
1197 1710 1395 1772 regno
1449 1689 1752 1770 organico
1811 1691 1889 1751 si-

466 1793 680 1853 milem
711 1791 1023 1872 reddunt3

346 1914 660 1979 Animalia
708 1914 991 1974 medium
1045 1927 1370 1996 occupant
1397 1915 1663 1991 locum;
1707 1915 1892 1997 poly-

465 2015 533 2100 pi
573 2014 943 2094 coralligeni
979 2027 1042 2071 et
1079 2012 1200 2070 alia
1232 2012 1528 2071 animalia
1561 2011 1892 2096 calcigena

465 2117 803 2177 materiem
831 2116 1196 2198 organicam
1216 2114 1451 2175 iterum
1475 2131 1890 2192 ςοῐιεωιίωιῒ,ι

470 2235 535 2279 et
567 2233 753 2278 terrae
811 2217 1136 2298 reddunt,
1210 2218 1573 2298 calcareum
1607 2234 1829 2279 creant
1866 2265 1884 2301 ,

472 2335 725 2404 augent.

355 2467 581 2521 Circulis
621 2468 824 2518 duobus
863 2485 971 2518 sese
1011 2467 1401 2518 decussautibus
1456 2484 1567 2516 rem
1610 2465 1887 2519 clariorem

429 2558 641 2608 reddere
670 2559 860 2625 cupivi.

358 2690 421 2740 V.
464 2691 530 2738 G.
560 2690 810 2737 FISCHER
836 2723 852 2752 9
872 2689 1209 2752 Programme
1230 2704 1320 2735 sur
1337 2685 1411 2735 les
1425 2684 1628 2736 fossiles
1648 2682 1711 2735 de
1739 2689 1887 2736 Mos-

431 2794 547 2824 cou.
592 2779 683 2825 No.
722 2792 743 2825 1
788 2794 878 2824 sur
923 2775 996 2824 les
1038 2776 1398 2826 terebratules.
1440 2779 1471 2826 ὲ
1503 2779 1732 2826 Moscou.
1763 2777 1887 2827 1800

434 2866 489 2911 iu
513 2865 564 2930 40
610 2882 653 2913 c.
700 2865 816 2929 figg.
860 2865 915 2913 in
950 2865 1349 2915 introductione.

365 2993 430 3042 In
471 2992 652 3059 quovis
692 3009 908 3058 corpore
958 2995 1201 3060 organico
1241 2993 1496 3062 ejusmodi
1535 2995 1890 3063 aequilibrium

434 3083 624 3151 pendet
660 3087 725 3136 ab
765 3085 970 3150 organis
1011 3086 1280 3135 materiem
1312 3085 1521 3136 vitalem
1558 3087 1638 3137 vel
1684 3105 1888 3156 praepa-
