2018 3638
216 253 339 330 284
664 278 667 280 ·
736 248 1000 328 Organa
1039 256 1264 307 motus.

354 379 419 427 G.
459 354 684 426 Cnvnza
707 410 723 439 ‚
783 392 885 423 von
921 373 1039 423 dem
1076 373 1287 424 hintern
1325 373 1506 426 Gliede
1542 376 1635 428 der
1671 377 1889 443 Fische3

424 469 478 516 in
517 483 558 514 S.
596 466 752 515 Anat.
790 483 958 532 comp.
999 464 1050 514 d.
1087 484 1188 515 von
1225 470 1292 516 G.
1333 467 1565 518 Fischer.
1602 467 1724 519 Vol.
1760 472 1802 519 Ι.
1835 486 1888 536 Ρε

423 554 522 621 489
545 580 615 590 -
636 554 754 617 49⁵-

368 702 441 761 E.
493 703 574 762 In
618 703 996 763 animalibus
1040 694 1342 765 vertebris
1386 706 1724 768 destitutis.

992 870 1128 949 154.

294 993 523 1065 Organa
555 1012 748 1049 motus
793 995 1005 1050 horum
1036 996 1370 1049 animalium
1419 997 1616 1068 potius
1648 1013 1891 1047 muscu-

215 1113 287 1165 lis
330 1130 463 1166 sunt
497 1114 703 1173 delata.
743 1114 829 1168 Ea
862 1117 1048 1184 enim,
1081 1134 1226 1188 quae
1257 1116 1326 1167 iis
1361 1129 1493 1166 sunt
1520 1113 1705 1165 fulcra
1726 1150 1742 1181 ,
1770 1130 1890 1164 non

217 1246 448 1300 semper
481 1248 611 1280 cnm
643 1229 921 1282 musculis
956 1230 1273 1282 cohaerent
1294 1269 1311 1299 ,
1363 1243 1517 1282 certe
1571 1247 1704 1280 cum
1733 1227 1890 1279 ossi-

213 1341 357 1412 bus,
413 1346 601 1396 minus
654 1345 842 1398 adhuc
897 1365 1029 1398 cum
1062 1347 1281 1399 sceleto
1315 1344 1620 1397 articulato
1648 1382 1665 1413 ,
1720 1362 1889 1397 com-

215 1460 409 1531 parari
440 1476 750 1532 nequeunt.
785 1460 866 1513 Os
891 1462 1162 1513 nimirum
1194 1460 1381 1532 Sepiis
1411 1460 1637 1529 datum,
1668 1462 1725 1511 in
1751 1460 1889 1512 dor-

216 1594 281 1627 so
334 1575 623 1628 inclusum
650 1614 665 1643 ,
733 1577 1124 1649 octopodibus
1188 1576 1553 1646 abdicatum,
1617 1577 1889 1630 machina

218 1709 389 1743 ossea
420 1691 723 1743 ventriculi
757 1689 953 1746 Astaci
985 1690 1308 1759 fluviatilis,
1359 1692 1623 1746 sceleton
1666 1691 1886 1743 ventri-

216 1801 334 1853 culi
363 1801 702 1853 echinorum
723 1841 737 1870 ,
767 1804 985 1854 laterna
1018 1805 1099 1854 sic
1135 1803 1289 1855 dicta
1318 1801 1725 1874 Hippocratis,
1772 1822 1880 1856 nec

215 1917 495 1986 analogon
531 1918 765 1990 quidem
791 1919 996 1971 sceleti
1030 1906 1318 1970 articnlati
1349 1933 1405 1970 et
1437 1918 1719 1970 columnae
1751 1938 1885 1983 ver-

214 2036 450 2096 tebralis
502 2035 881 2102 modificatae,
935 2037 1198 2089 offerunt.
1250 2035 1394 2090 Sunt
1425 2037 1661 2109 quidem
1692 2038 1880 2090 variae

211 2170 404 2226 partes
437 2169 657 2204 motum
691 2153 1096 2206 sustendentes
1116 2194 1131 2222 9
1165 2156 1246 2206 sic
1274 2155 1515 2226 pallium
1543 2170 1712 2227 atque
1740 2174 1882 2207 con-

214 2267 471 2339 chylium
500 2270 556 2318 in
587 2268 924 2337 Mossuscis,
957 2287 1149 2323 crusta
1182 2274 1448 2324 coriacea
1471 2310 1488 2340 ,
1539 2271 1882 2324 sub-calca—

211 2401 311 2434 rea
363 2384 421 2432 in
467 2381 814 2434 CrustaceiS.
869 2384 933 2435 In
962 2385 1207 2437 Insectis
1268 2403 1457 2439 motus
1513 2403 1644 2440 sunt
1705 2406 1879 2467 quam

215 2495 459 2546 maxime
495 2495 743 2561 extensi,
779 2497 856 2546 ita
887 2512 949 2548 ut
977 2498 1231 2568 plurimi,
1262 2514 1324 2551 ut
1353 2496 1640 2561 LIXNAEUS
1669 2513 1726 2550 et
1759 2499 1877 2568 alii,

214 2611 414 2664 locum
465 2611 577 2663 illis
632 2611 999 2679 adsignarent
1054 2615 1235 2666 multo
1297 2614 1563 2665 altiorem
1614 2615 1672 2665 in
1723 2616 1873 2668 serie

211 2725 544 2777 animalium
573 2723 851 2777 vertebris
887 2724 1312 2779 destitutorum.

347 2862 530 2913 Paucis
580 2862 667 2909 hic
704 2859 1027 2908 solummodo
1084 2861 1340 2909 indicatus
1393 2861 1681 2911 multorum
1730 2864 1873 2915 viro-

414 2968 536 3000 rum
573 2949 965 3015 multorumque
1003 2966 1262 2996 annorum
1290 2949 1571 3000 indefessus
1605 2950 1769 3000 labor.

343 3061 483 3111 ”Vide
521 3063 585 3110 G.
636 3061 900 3123 chfflz,
960 3075 1060 3106 von
1111 3057 1209 3106 den
1251 3059 1495 3124 Organeu
1555 3060 1648 3110 der
1693 3063 1870 3111 Bewe-

413 3160 550 3218 gang
592 3148 645 3198 in
683 3146 782 3197 den
825 3147 1049 3198 Thieren
1089 3147 1225 3199 ohne
1266 3149 1646 3201 Wirbelbeina
