2018 3638
752 171 1131 253 Organa.
1631 171 1743 252 193

887 301 986 376 48.

157 436 511 508 Digestionis
573 453 632 490 et
687 437 1077 490 absorbtionis
1140 438 1363 508 organis
1399 435 1752 507 observatis,

85 563 416 616 necessario
466 577 784 634 sequuntur
810 580 877 613 ea
900 600 917 631 ,
950 578 1072 633 quae
1103 559 1399 632 lympham
1440 561 1563 612 istis
1592 579 1756 628 orga-

84 681 172 732 nis
221 695 602 751 praeparatam
653 678 993 749 recipiunt,
1043 677 1371 744 nutritioni‚
1419 695 1524 747 per
1570 691 1758 727 meta-

86 794 428 867 morphosin
459 795 515 845 in
545 791 917 866 pulmonibus
960 807 1055 844 aut
1087 793 1310 861 organis
1346 791 1599 860 analogis
1633 789 1759 842 effi-

90 903 390 972 ciendam,
450 905 732 974 aptiorem
789 902 1040 955 reddunt
1069 942 1085 971 9
1118 919 1174 955 et
1223 904 1281 954 in
1312 918 1498 955 totum
1544 921 1757 974 corpus

92 1018 463 1085 distribuunt,
489 1033 546 1070 et
570 1018 922 1090 propellunt.
956 1017 1090 1072 Haec
1120 1034 1253 1071 sunt
1276 1017 1672 1071 circulationis
1705 1031 1764 1070 et.

94 1137 491 1210 respirationis
527 1152 754 1203 organa.

203 1441 262 1479 2.
326 1418 588 1498 Organa
628 1419 1063 1497 respirationis
1098 1428 1160 1477 et
1199 1415 1651 1477 circulationis.

240 1624 302 1670 G.
344 1622 631 1686 FISCHER,
674 1623 929 1670 Me'moire
967 1641 1104 1689 pour
1146 1624 1308 1672 servir
1335 1621 1768 1675 ‚d’introduction

301 1712 330 1757 ὲι
372 1728 440 1756 un
482 1726 706 1775 ouvrage
768 1729 860 1759 sur
913 1711 961 1759 la
1023 1713 1327 1779 respiration
1381 1712 1468 1761 des
1505 1712 1774 1775 animata,

298 1806 577 1844 contenant
650 1796 696 1844 la
744 1798 1149 1863 bibliographie.
1240 1803 1410 1847 Paris.
1461 1800 1774 1848 Drisonnier

305 1883 451 1947 1798.
510 1885 559 1932 8.
619 1894 671 1931 et
715 1885 768 1931 in
810 1888 1032 1933 M1LL1N
1064 1920 1080 1947 ‚
1117 1888 1308 1950 Magaz.
1350 1885 1617 1953 encyclop.
1660 1890 1772 1935 eod.
1808 1888 1811 1891 ’

307 1973 560 2029 (leutsch,
628 1988 730 2019 von
791 1973 1063 2020 SCHERER.
1112 1974 1178 2020 V.
1232 1972 1342 2038 ejus
1385 1975 1777 2040 Uebersetzung

306 2075 407 2106 von
430 2058 701 2110 CAVALLO
731 2057 860 2106 tiber
880 2057 962 2107 die
983 2059 1269 2108 Luftarten.
1297 2064 1523 2124 Leipzig.
1558 2061 1697 2111 1802.
1725 2063 1773 2112 8.

310 2168 557 2219 Continet
613 2183 795 2214 omnes
857 2167 1100 2231 (numero
1164 2168 1305 2236 280.)
1345 2180 1619 2232 auctores,
1682 2170 1775 2237 qui

378 2267 667 2306 tractarunt
708 2254 770 2303 de
819 2255 1159 2322 respiratione
1185 2272 1200 2303 ε

444 2364 509 2412 Α.
548 2359 872 2409 Animalium
914 2361 969 2409 in
1007 2361 1309 2410 universum
1347 2378 1400 2429 p.
1427 2365 1572 2430 7-15.

443 2450 499 2497 B.
554 2447 935 2497 Mammalium.

642 2574 689 2605 a.
737 2555 965 2604 hominis
997 2591 1013 2620 ,
1048 2572 1101 2623 p.
1153 2558 1329 2623 16-71.
1635 2622 1641 2625 η

640 2644 693 2693 h.
736 2643 1098 2693 mammalium
1130 2646 1483 2714 reliquorum,
1506 2660 1557 2711 p.
1581 2659 1763 2712 71-72.

438 2752 500 2802 C.
538 2750 763 2816 Avium,
806 2769 859 2817 p.
899 2755 1078 2820 72-75.

440 2843 508 2889 D.
546 2840 870 2891 Animalium
890 2841 1138 2906 sanguiue
1172 2839 1335 2889 rubro
1366 2849 1418 2889 et
1450 2835 1654 2904 frigido.

637 2967 684 2998 a.
728 2949 1029 3016 Reptilium.
1073 2967 1122 3015 p.
1173 2950 1252 3017 76.

644 3037 696 3086 h.
741 3038 986 3088 Piscium.
1032 3041 1229 3087 ibidem.

1300 3104 1370 3163 13
