2018 3638
221 275 349 359 ‚504
636 278 1076 337 MAMMALIA.
1107 279 1160 336 Ι.
1193 278 1487 342 Bimana.

368 418 488 474 Iam
527 419 723 474 medio
774 423 957 475 seculi
1000 424 1184 476 ultimi
1226 423 1548 478 Academia
1576 420 1901 478 Divionen-

447 537 526 589 sis
580 541 895 611 proposuit
953 539 1248 609 objectum
1285 535 1503 615 pr'aemii
1554 542 1901 615 quaestioni,

448 654 872 709 determinandi
918 660 1362 731 experimentis,
1399 678 1610 713 numne
1659 677 1906 734 quaeque

446 775 621 826 animi
654 773 899 827 facultas
944 776 1201 849 pendeat
1260 797 1291 829 a
1339 777 1616 850 cerebro,
1656 794 1715 833 et
1764 780 1906 853 qui-

444 887 693 942 busnam
727 889 875 942 locis
914 890 1213 944 resideat?

365 1027 528 1083 Metu
562 1030 721 1084 ducti
753 1069 769 1100 ,
797 1034 1046 1084 animam
1083 1030 1368 1085 reddendi
1427 1030 1750 1102 subjectam
1802 1052 1910 1085 ce·-

445 1148 616 1201 rebro
643 1187 659 1217 ,
701 1148 965 1221 impediti
1002 1166 1132 1203 sunt
1155 1150 1536 1224 philosophi,
1567 1170 1680 1224 quo
1713 1151 1903 1202 minus

442 1267 595 1322 viam
643 1286 836 1321 veram
876 1267 1217 1322 invenirent.

371 1402 486 1454 Res
530 1418 719 1454 tamen
773 1402 918 1454 nulli
952 1402 1130 1465 dubio
1170 1403 1422 1457 obnoxia
1455 1403 1715 1471 videtur,
1748 1402 1910 1456 desen

449 1532 605 1570 ctum
656 1516 881 1570 cerebri
948 1517 1188 1571 influere
1248 1520 1307 1571 in
1375 1519 1907 1574 manifestationem

451 1631 801 1686 intellectus,

368 1744 707 1802 Facultates
757 1744 1091 1798 intellectus
1162 1763 1292 1798 esse
1350 1739 1635 1813 gradatim
1698 1744 1907 1820 dispo«

449 1863 621 1934 sitaS‚
653 1882 837 1937 aeque
888 1881 953 1915 ac
989 1862 1494 1932 organisationem.

373 2001 697 2059 Clarissimi
749 2000 919 2056 (ΞΛΜ,
959 1999 1249 2073 principia
1283 1997 1358 2052 ad
1380 1999 1502 2053 liaec
1536 1998 1740 2053 reduci
1766 2017 1911 2073 pos-

450 2137 583 2175 sunt
614 2141 629 2174 x

454 2264 502 2299 ι.
534 2239 870 2296 Facultates
928 2238 1101 2292 animi
1149 2238 1266 2294 sive
1300 2235 1722 2312 dispositiones
1775 2256 1909 2293 esse-

522 2360 770 2412 innatas·

452 2493 501 2528 2.
535 2469 848 2523 Cerebrum
885 2489 1014 2523 esse
1060 2488 1311 2538 organon
1354 2471 1573 2523 animae.

457 2589 507 2646 3.
545 2586 863 2645 Cerehrum
905 2607 1021 2640 non
1057 2589 1302 2661 simplex
1336 2606 1466 2640 esse
1496 2604 1750 2654 organon
1807 2587 1913 2641 sed

531 2682 923 2773 compositum
993 2699 1163 2752 variis
1218 2696 1478 2766 organis,
1534 2692 1909 2747 facultatibus

527 2821 697 2873 variis
741 2818 1070 2871 intellectus
1118 2816 1346 2868 dicatis.

457 2935 506 3002 4.
546 2931 933 2985 Pliaexiomena
982 2930 1200 2997 somni,
1244 2927 1598 2996 vigiliarum,
1631 2944 1910 2979 sormam-

527 3049 797 3115 bulistni‚
851 3049 1177 3112 visionum,
1215 3047 1491 3103 inservire
1555 3044 1908 3098 documento

531 3181 879 3238 ‚organorum
918 3161 1285 3237 pluralitatis·
