2018 3638
1732 265 1788 314 v

132 395 352 484 idque
404 394 478 461 i'n
541 394 704 475 his,
765 397 1023 487 quibus
1084 419 1494 478 versamur,
1563 408 1789 460 terra-

134 552 297 596 rum
358 528 499 596 oris
555 504 769 625 longe,
821 531 1318 600 difficillimum
1356 584 1374 614 .,
1430 547 1504 598 ut
1538 545 1796 598 statum

48 717 54 720 ,
137 652 652 743 monstrarem,
724 664 797 730 in
861 690 1000 756 quo
1085 691 1271 732 nunc
1334 666 1422 733 sit
1481 664 1801 731 Historia

140 794 628 865 NaturaliS.-—
658 797 820 866 Huc
863 800 1077 894 igitur
1111 817 1180 870 et
1228 801 1319 868 ad
1373 801 1555 867 hano
1590 800 1801 865 ratio·

140 955 311 998 nem
391 932 854 1001 referendum
944 951 1087 1015 est,
1171 935 1371 1026 quod
1457 934 1797 1026 expositio

143 1091 350 1147 mea,
408 1068 738 1159 inprimis
792 1070 915 1137 ubi
982 1094 1217 1138 sermo
1285 1085 1391 1138 est
1439 1070 1527 1138 de
1586 1084 1800 1160 syste-

140 1218 381 1283 mate,
432 1204 521 1271 de
569 1204 901 1273 ordinum
939 1205 1403 1298 dispositione
1437 1258 1457 1293 ,
1521 1222 1589 1273 et
1650 1205 1802 1273 dis-

145 1342 529 1411 tributione
606 1370 950 1439 generum
981 1398 998 1428 ‚
1085 1361 1156 1413 ut
1233 1346 1631 1438 plurimum
1715 1344 1802 1412 sit

142 1474 532 1544 historica:
613 1478 710 1546 ita
780 1478 973 1545 enim
1039 1478 1306 1571 optime
1387 1477 1541 1546 fieri
1591 1501 1803 1570 posse

143 1609 502 1701 indicaui,
587 1627 663 1677 ut
731 1636 879 1677 non
950 1613 1183 1680 solum
1239 1613 1802 1695 observationeS,

146 1762 217 1814 et
286 1746 714 1814 mutationes
778 1772 818 1815 a
889 1748 1054 1818 viris
1153 1747 1446 1819 eruditis
1530 1747 1731 1815 faotae
1780 1797 1800 1831 ,

150 1882 337 1950 clare
390 1898 458 1950 et
497 1882 571 1949 in
621 1881 912 1974 apr-im,
956 1897 1030 1948 ut
1079 1882 1315 1973 ajunt,
1364 1883 1755 1974 adpareant
1785 1932 1804 1966 ‚

146 2040 395 2084 verum
423 2016 635 2082 etiam
660 2032 737 2082 ut
772 2031 989 2082 restet
1020 2017 1217 2084 vobis
1246 2017 1539 2107 propria
1555 2016 1809 2086 volun·-

147 2165 252 2217 tas
282 2202 304 2230 ,
359 2150 471 2218 vel
520 2174 760 2216 meam
820 2149 1240 2217 sententiam
1293 2150 1668 2240 sequendi,
1702 2148 1811 2219 vel

151 2282 629 2375 amplectendi
678 2307 836 2350 eam
887 2283 1300 2375 opinionem
1332 2337 1351 2364 ,
1390 2308 1545 2378 quae
1582 2286 1809 2380 magis

148 2422 348 2491 vobis
413 2421 738 2488 arrideat.
795 2421 961 2490 Huc
1014 2423 1226 2489 etiam
1274 2424 1581 2515 pertinet
1633 2424 1815 2492 noti-

144 2549 245 2616 tia
292 2549 860 2643 bibliographica
893 2603 911 2637 ‚
974 2551 1272 2645 singulis
1346 2552 1812 2646 paragraphis

151 2683 438 2767 addita,
499 2682 651 2752 sine
687 2709 826 2777 qua
859 2686 1069 2779 plena
1124 2702 1192 2755 et
1248 2688 1564 2778 perfecta
1600 2698 1809 2781 argu-

152 2823 375 2890 menti
454 2822 761 2918 cognitio
831 2848 986 2892 esse
1049 2822 1317 2916 nequit.
1386 2823 1815 2892 Tenendum

155 2972 390 3024 tamen
460 2974 564 3026 est
612 2958 958 3026 tironibus
992 3012 1010 3042 ‚
1082 2959 1386 3050 scripta,
1441 2959 1532 3027 ad
1581 2973 1815 3025 mate-

154 3089 339 3158 riam
395 3092 682 3162 uberius
731 3092 1171 3163 tractandam
1228 3117 1268 3160 a
1319 3116 1436 3160 me
1483 3092 1815 3172 indicata,
