2018 3638
577 265 833 346 Otgarza
876 264 1269 324 sensatiom‘s.
1645 262 1758 339 293

171 402 231 436 ,3.
276 384 592 437 Ventriculi
637 390 992 458 anteriores,
1031 389 1110 440 ita
1158 403 1219 439 ut
1267 383 1615 439 ventriculus
1650 399 1766 437 ter-

257 501 366 552 tius
421 517 477 553 et
512 518 765 574 quartus.

186 613 236 668 3.
280 613 594 668 Praesentia
655 635 965 690 corporum
1005 618 1336 671 striatorum
1408 637 1538 669 cum
1571 636 1773 670 eorum

257 727 682 802 hemispheriis-

182 841 235 910 4.
298 843 689 898 Commissum
734 845 958 900 cerebri
987 848 1215 920 postica
1259 861 1316 898 et
1364 849 1615 904 anterior
1638 866 1770 902 cum

259 961 481 1013 valvula
523 961 767 1016 cerebri.

186 1072 237 1127 5.
269 1073 561 1128 Glandula
613 1076 880 1147 pinealis.

854 1191 987 1269 167.

189 1311 594 1367 Characterem
670 1315 1062 1372 distinctivum
1116 1315 1341 1371 cerebri
1405 1316 1775 1371 Clarissimus

117 1426 350 1480 CUVIER
399 1431 623 1500 pozuit:

121 1566 167 1598 1.
208 1545 617 1603 Mammalium.

189 1679 239 1711 a.
290 1662 347 1711 in
402 1662 708 1734 praesentia
762 1664 1024 1734 corporis
1077 1662 1315 1732 callosi,
1363 1666 1780 1717 ‘commissurae

262 1778 603 1847 anterioris,
647 1797 927 1832 cornuum
967 1780 1269 1832 Ammonis
1333 1795 1389 1833 et
1438 1781 1631 1853 pontis
1669 1781 1783 1832 Va·

270 1892 398 1945 roli.

190 2003 246 2059 b.
284 2005 342 2056 in
393 2006 505 2057 situ
542 2005 976 2059 tuberculorum
1018 2005 1578 2080 quadrigeminorum
1613 2026 1783 2079 supra

273 2115 699 2191 aquaeductum
740 2115 951 2189 Sylvii,
1007 2119 1156 2169 inter
1222 2115 1502 2168 thalamos
1573 2133 1784 2170 nervo-

273 2255 403 2288 rum
447 2235 774 2307 opticorum
828 2248 886 2286 et
929 2232 1296 2286 cerebellum.

203 2391 251 2426 e.
295 2373 353 2422 in
386 2367 619 2422 defectu
663 2368 784 2420 cavi
816 2366 1199 2421 thalamorum
1234 2381 1292 2420 et
1343 2367 1400 2420 in
1446 2386 1645 2421 eorum
1675 2368 1787 2422 situ

271 2488 419 2539 intra
452 2484 674 2537 cerebri
714 2483 904 2538 lobos-

198 2602 256 2655 d.
294 2603 353 2653 in
424 2601 576 2653 striis
639 2599 850 2651 mutuis
918 2598 1120 2668 griseis
1178 2613 1237 2652 et
1278 2596 1422 2652 albis
1483 2615 1792 2672 corporum

277 2717 624 2769 striatorum.

131 2851 183 2885 2.
224 2829 459 2883 Avium.

204 2965 253 2999 a.
303 2946 362 2996 in
398 2918 616 3016 pariere
678 2946 833 2997 tenui
890 2943 1156 3009 radiat0‚
1212 2943 1562 3000 ventriculos
1630 2955 1790 2999 ant·-

283 3063 464 3115 riores
507 3061 730 3114 interno
757 3062 933 3115 latere
957 3102 973 3129 ,
1018 3060 1341 3117 claudente.

684 3238 712 3259 0
