2018 3638
747 204 1249 284 Amplzihiorzmz.
1748 200 1867 261 3-5

206 349 363 402 ribus
404 346 938 417 longitudinalibuS.
988 348 1116 400 Non
1157 349 1266 398 nisi
1314 348 1371 399 in
1403 344 1722 400 struthione
1774 365 1872 397 ωε-

206 466 522 520 dimentum
571 463 709 516 clito
720 464 824 515 ridi
837 483 859 514 s
906 463 1259 516 observatur.

732 643 804 700 C.
852 647 923 701 A
930 641 1363 721 mphibiorum.

994 832 1135 909 249.

283 985 347 1037 In
409 985 736 1057 Reptilibus
806 987 1058 1039 testiculi
1106 987 1328 1054 analogi
1393 984 1768 1036 observantur
1806 981 1874 1061 iis

213 1103 433 1169 avium,
489 1121 718 1174 semper
761 1103 816 1152 in
868 1101 1192 1154 abdominis
1247 1120 1385 1153 cavo
1445 1102 1650 1154 inclusi
1705 1113 1877 1165 sunt,

216 1233 313 1269 aut
360 1216 592 1268 renibus
639 1216 840 1286 adfixi,
890 1233 987 1269 aut
1044 1237 1226 1290 prope
1289 1236 1389 1269 eos
1440 1218 1550 1271 siti.
1592 1215 1883 1287 Sphaerica

216 1353 465 1405 corpora
546 1332 854 1384 efformant
920 1335 977 1383 in
1033 1332 1441 1384 Salamandris.
1510 1329 1878 1401 Epididymis

212 1449 467 1518 glomum
501 1448 651 1499 sistit
699 1466 967 1501 vasorum
1002 1446 1387 1498 deferentium
1421 1464 1647 1516 semper
1705 1443 1884 1502 flexu·-

219 1580 471 1614 osorum.
538 1559 603 1612 In
657 1560 928 1632 Ophidiis
986 1561 1041 1610 in
1113 1559 1360 1631 papillas
1397 1559 1707 1625 desinunt,
1758 1573 1880 1628 quae

213 1695 523 1748 perperam
558 1695 664 1748 pro
696 1675 845 1748 pene'
890 1674 1122 1727 fuerunt
1148 1656 1374 1728 habitiae.
1408 1673 1577 1743 Penis
1611 1675 1668 1724 in
1701 1686 1883 1724 testu-

219 1782 448 1846 dinibus
484 1795 758 1865 simplex,
825 1796 881 1844 in
927 1795 1159 1846 lacertis
1207 1809 1264 1846 et
1338 1791 1702 1866 serpentibus
1774 1790 1886 1843 du-

216 1909 352 1980 plex
410 1922 515 1960 est.
560 1905 865 1980 Batrachii·
902 1925 1052 1978 pene
1086 1921 1299 1960 carent.

958 2064 1100 2123 250.

297 2230 565 2297 ClitoriS‚
650 2232 701 2281 ei
782 2232 969 2282 avium
1026 2229 1304 2297 analoga,
1373 2243 1430 2280 et
1482 2225 1579 2279 hic
1639 2225 1888 2279 offendi-

222 2361 344 2409 tur,
382 2345 438 2401 h.
485 2364 530 2398 e.
580 2347 635 2395 in
683 2343 1024 2412 Cheloniis,
1082 2346 1139 2395 in
1195 2344 1430 2416 reliquis
1498 2340 1747 2394 deficere
1803 2343 1895 2396 vi·-

223 2463 408 2515 detur.
451 2461 581 2514 Duo
633 2462 841 2514 adsunt
874 2461 1093 2529 ovaria,
1124 2460 1564 2532 prolongatione
1619 2459 1893 2511 continua

219 2581 526 2653 peritonaei
581 2598 724 2629 nexa
751 2617 765 2644 ,
804 2593 862 2629 et
908 2578 1108 2649 quovis
1149 2576 1329 2628 latere
1374 2575 1654 2628 columnae
1687 2573 1897 2646 spinuli

226 2695 300 2746 ad
341 2695 554 2765 pelvim
584 2713 800 2765 usque,
852 2691 1078 2757 adfixa5
1122 2691 1372 2763 ideoque
1417 2690 1530 2743 duo
1567 2688 1894 2757 oviductus,

226 2809 614 2860 membranosi
657 2807 934 2860 vertebris
981 2808 1295 2878 peritonaeo
1337 2808 1484 2858 nexi.
1526 2803 1891 2857 Infundibili-

226 2925 442 2979 formes
494 2927 806 2996 incipiunt,
847 2926 1184 2997 plerumque
1235 2921 1890 2996 cylind1·ici,inbatta-

231 3039 376 3094 chiis
428 3058 562 3096 vero
603 3040 941 3114 plerumque
976 3040 1138 3097 valde
1175 3040 1420 3096 tortuosi
1460 3051 1608 3093 sunt.
