2018 3638
1687 256 1785 307 IX}

121 397 463 489 phemiam
486 448 508 478 ,
534 398 769 506 qual-ia
793 395 986 467 verbi
1018 419 1267 464 caussa
1293 410 1487 463 sunt:
1539 391 1775 479 Loris„

119 530 334 603 Indri
364 586 386 617 ,
432 535 776 615 Aluatta,
848 535 1172 629 Galagffi
1237 524 1515 628 PongO.
1556 529 1650 598 Et
1685 546 1786 598 ta-

120 695 286 739 men
338 671 589 767 Pongo
643 669 1176 766 significationis
1236 684 1344 736 est
1378 667 1781 760 ambiguae,

123 832 349 900 quum
382 834 539 876 mox
596 834 730 901 pro
790 807 1014 875 Simia
1073 807 1376 896 SatJrO‚
1426 828 1587 870 mox
1645 826 1780 894 pro

124 937 442 1030 Papione
481 989 504 1025 ,
556 964 720 1005 mox
773 964 907 1031 pro
989 937 1128 1004 alia
1176 934 1383 1003 simia
1445 932 1785 1001 adhibea-

124 1088 290 1160 tur3
359 1072 535 1139 mihi
612 1089 718 1141 est
774 1073 1161 1162 Loplzotus.
1254 1071 1544 1166 Galago
1606 1092 1783 1161 pro—-

124 1223 288 1300 pter
395 1207 689 1277 familiae
777 1208 1322 1276 similitudinem
1387 1207 1518 1275 sub
1603 1206 1786 1274 Μα-

121 1342 445 1433 cropodis
480 1343 768 1430 nomine
794 1344 865 1411 in
913 1358 1287 1433 systemate
1339 1364 1502 1410 meo
1544 1366 1788 1409 occur-

120 1479 233 1547 rit.
317 1480 737 1572 Plzalcznger
787 1478 1122 1572 gallicum
1170 1476 1598 1547 vocabulum
1632 1498 1789 1541 esse

119 1613 436 1697 videtur„
493 1614 794 1684 latinum
823 1638 964 1678 non
1016 1627 1166 1700 es'tg
1214 1612 1412 1680 vobis
1458 1610 1788 1701 Szpalum

118 1751 516 1845 proposui,
593 1772 844 1844 graecae
910 1767 979 1817 et
1033 1775 1216 1820 verae
1269 1748 1563 1842 originis
1629 1772 1789 1820 ver-

121 1883 343 1966 bum,
399 1881 595 1973 quod
656 1881 854 1949 idem
906 1882 1107 1951 vaiet.

219 2022 306 2087 In
333 2022 629 2088 historia
656 2021 1079 2111 opinionum
1105 2034 1174 2085 et
1202 2018 1782 2089 observationum

125 2155 459 2222 ordinem
500 2169 569 2221 et
616 2153 1024 2232 veritatem,
1073 2151 1420 2243 quantum
1472 2151 1627 2219 fieri
1652 2177 1786 2245 po-

121 2292 257 2360 tuit
291 2344 318 2375 ‚
393 2306 637 2359 tenere
708 2288 968 2357 studui.
1045 2289 1430 2357 Auctorem
1516 2289 1780 2361 inventi

123 2452 293 2495 eum
326 2450 613 2518 semper
659 2423 1022 2495 nominavi
1053 2474 1077 2505 ,
1130 2424 1250 2515 qui
1285 2424 1565 2516 primus
1603 2426 1786 2495 illud

120 2561 197 2629 in
253 2561 506 2655 vulgus
580 2560 877 2652 protulit
951 2574 1019 2626 et
1077 2557 1328 2627 litteris
1391 2561 1786 2652 expressit,

122 2701 375 2771 saltem
432 2700 519 2768 ab
586 2699 740 2767 aliis
795 2713 1041 2766 auctor
1088 2696 1278 2765 illius
1329 2700 1781 2792 praedicatur.

127 2835 456 2903 Potuisse
486 2850 720 2902 autem
748 2833 1062 2904 diversos
1097 2832 1281 2904 viros
1305 2833 1550 2902 doctos
1571 2835 1788 2906 diver-

122 2969 218 3039 sis
284 2971 457 3038 locis
519 2985 588 3037 et
657 2967 1106 3060 temporibus
1153 2967 1228 3035 in
1286 2968 1485 3036 idem
1539 2966 1785 3041 inven-

125 3120 279 3178 tum
312 3106 760 3198 eandemque
793 3103 1206 3197 opinionem
1236 3101 1451 3172 simul
1492 3104 1728 3178 venire
1763 3160 1783 3193 ,
